<record><leader>00000cas a2200000 a 4500</leader><controlfield tag="001">1608389</controlfield><controlfield tag="008">750907d19711979wiumn ne      0   a0eng c</controlfield><datafield ind1=" " ind2=" " tag="010"><subfield code="a">sn2004060367</subfield><subfield code="z">sc 77000800 </subfield></datafield><datafield ind1=" " ind2=" " tag="040"><subfield code="a">MUL</subfield><subfield code="b">eng</subfield><subfield code="c">MUL</subfield><subfield code="d">DLC</subfield><subfield code="d">NSD</subfield><subfield code="d">DLC</subfield><subfield code="d">NST</subfield><subfield code="d">EYM</subfield><subfield code="d">OCLCQ</subfield><subfield code="d">NYS</subfield><subfield code="d">OCLCQ</subfield><subfield code="d">DLC</subfield><subfield code="d">OCLCF</subfield></datafield><datafield ind1=" " ind2=" " tag="012"><subfield code="a">2</subfield><subfield code="i">8903</subfield><subfield code="k">1</subfield><subfield code="l">1</subfield><subfield code="m">1</subfield></datafield><datafield ind1=" " ind2=" " tag="022"><subfield code="a">0049-2868</subfield><subfield code="l">0049-2868</subfield><subfield code="2">1</subfield></datafield><datafield ind1="1" ind2=" " tag="029"><subfield code="a">AU@</subfield><subfield code="b">000024642144</subfield></datafield><datafield ind1=" " ind2=" " tag="032"><subfield code="a">070290</subfield><subfield code="b">USPS</subfield></datafield><datafield ind1=" " ind2=" " tag="037"><subfield code="b">Take Over, P.O. Box 706, Madison, WI 53701</subfield></datafield><datafield ind1=" " ind2=" " tag="042"><subfield code="a">pcc</subfield><subfield code="a">nsdp</subfield></datafield><datafield ind1=" " ind2=" " tag="043"><subfield code="a">n-us-wi</subfield></datafield><datafield ind1=" " ind2="4" tag="050"><subfield code="a">AP2</subfield><subfield code="b">.T135</subfield></datafield><datafield ind1=" " ind2="0" tag="222"><subfield code="a">Take over.</subfield></datafield><datafield ind1="0" ind2="0" tag="245"><subfield code="a">Take over.</subfield></datafield><datafield ind1="3" ind2="0" tag="246"><subfield code="a">Takeover</subfield></datafield><datafield ind1=" " ind2=" " tag="260"><subfield code="a">Madison, Wis. :</subfield><subfield code="b">Take Over Publications,</subfield><subfield code="c">1971-1979.</subfield></datafield><datafield ind1=" " ind2=" " tag="300"><subfield code="a">9 v. :</subfield><subfield code="b">ill.</subfield></datafield><datafield ind1=" " ind2=" " tag="310"><subfield code="a">Monthly,</subfield><subfield code="b">1977-</subfield></datafield><datafield ind1=" " ind2=" " tag="321"><subfield code="a">Biweekly (except Aug. and Dec.),</subfield><subfield code="b">1971-1976</subfield></datafield><datafield ind1="0" ind2=" " tag="362"><subfield code="a">Vol. 1, no. 1 (Nov. 10, 1971)-v. 9, no. 1 (Nov. 9, 1979).</subfield></datafield><datafield ind1=" " ind2=" " tag="588"><subfield code="a">Description based on surrogate; title from cover.</subfield></datafield><datafield ind1=" " ind2="0" tag="650"><subfield code="a">Underground press publications</subfield><subfield code="z">Wisconsin</subfield><subfield code="z">Madison.</subfield></datafield><datafield ind1=" " ind2="0" tag="651"><subfield code="a">Madison (Wis.)</subfield><subfield code="v">Newspapers.</subfield></datafield><datafield ind1=" " ind2="0" tag="651"><subfield code="a">Dane County (Wis.)</subfield><subfield code="v">Newspapers.</subfield></datafield><datafield ind1=" " ind2="7" tag="655"><subfield code="a">Newspapers.</subfield><subfield code="2">fast</subfield><subfield code="0">(OCoLC)fst01423814</subfield></datafield><datafield ind1=" " ind2="7" tag="650"><subfield code="a">Underground press publications.</subfield><subfield code="2">fast</subfield><subfield code="0">(OCoLC)fst01160984</subfield></datafield><datafield ind1=" " ind2="7" tag="651"><subfield code="a">Wisconsin</subfield><subfield code="z">Dane County.</subfield><subfield code="2">fast</subfield><subfield code="0">(OCoLC)fst01208496</subfield></datafield><datafield ind1=" " ind2="7" tag="651"><subfield code="a">Wisconsin</subfield><subfield code="z">Madison.</subfield><subfield code="2">fast</subfield><subfield code="0">(OCoLC)fst01205840</subfield></datafield><datafield ind1=" " ind2=" " tag="752"><subfield code="a">United States</subfield><subfield code="b">Wisconsin</subfield><subfield code="c">Dane</subfield><subfield code="d">Madison.</subfield></datafield><datafield ind1="0" ind2="0" tag="780"><subfield code="t">Madison kaleidoscope</subfield><subfield code="w">(DLC)sn 84007413</subfield><subfield code="w">(OCoLC)1756402</subfield></datafield><datafield ind1=" " ind2=" " tag="850"><subfield code="a">KU-S</subfield><subfield code="a">MiU</subfield></datafield><datafield ind1=" " ind2=" " tag="936"><subfield code="a">AACR2=EYM</subfield></datafield></record>